%% LaTeX2e file `myreferences.bib'
%% generated by the `filecontents' environment
%% from source `Abgabe' on 2022/01/11.
%%
@online{GOL-Wikipedia,
  year = {2022},
  title = {footnote-gol-overview-wiki},
  url = {https://en.wikipedia.org/w/index.php?title=Conway%27s_Game_of_Life&oldid=1059851177},
}
